para	val
N0	1183.86816923108
K	20823.026744974
r.max	0.0127887244599021
t.lag	-529.433669942032
t.K	248.115550246875
