@article{zwietering1994modeling,
  title={Modeling of bacterial growth with shifts in temperature},
  author={Zwietering, MH and De Wit, JC and Cuppers, HGAM and Van't Riet, K},
  journal={Appl. Environ. Microbiol.},
  volume={60},
  number={1},
  pages={204--213},
  year={1994},
  publisher={Am Soc Microbiol}
}
@article{buchanan1993differentiation,
  title={Differentiation of the effects of pH and lactic or acetic acid concentration on the kinetics of Listeria monocytogenes inactivation},
  author={Buchanan, RL and Golden, MH and Whiting, RC},
  journal={Journal of Food Protection},
  volume={56},
  number={6},
  pages={474--478},
  year={1993},
  publisher={International Association for Food Protection}
}
